@article{stanley2001community,
  title={Community-based premarital prevention: Clergy and lay leaders on the front lines},
  author={Stanley, Scott M and Markman, Howard J and Prado, Lydia M and Olmos-Gallo, P Antonio and Tonelli, Laurie and St. Peters, Michelle and Leber, B Douglas and Bobulinski, Michelle and Cordova, Allan and Whitton, Sarah W},
  journal={Family Relations},
  volume={50},
  number={1},
  pages={67--76},
  year={2001},
  publisher={Wiley Online Library}
}
@article{seybold2001role,
  title={The role of religion and spirituality in mental and physical health},
  author={Seybold, Kevin S and Hill, Peter C},
  journal={Current Directions in Psychological Science},
  volume={10},
  number={1},
  pages={21--24},
  year={2001},
  publisher={SAGE Publications Sage CA: Los Angeles, CA}
}
@article{mahoney1999marriage,
  title={Marriage and the spiritual realm: The role of proximal and distal religious constructs in marital functioning.},
  author={Mahoney, Annette and Pargament, Kenneth I and Jewell, Tracey and Swank, Aaron B and Scott, Eric and Emery, Erin and Rye, Mark},
  journal={Journal of family psychology},
  volume={13},
  number={3},
  pages={321},
  year={1999},
  publisher={American Psychological Association}
}
@misc{markman1994fighting,
  title={Fighting for your marriage: Positive steps forpreventing divorce and preserving a lasting love},
  author={Markman, Howard J and Stanley, Scott and Blumberg, Susan L},
  year={1994},
  publisher={San Francisco: Jossey-Bass}
}
@article{stanley1992assessing,
  title={Assessing commitment in personal relationships},
  author={Stanley, Scott M and Markman, Howard J},
  journal={Journal of Marriage and the Family},
  pages={595--608},
  year={1992},
  publisher={JSTOR}
}
@article{stanley1997marriage,
  title={Marriage in the 90s: A nationwide random phone survey},
  author={Stanley, Scott M and Markman, Howard J},
  journal={Denver, Co: PREP},
  year={1997}
}
@article{notarius1983marital,
  title={The marital agendas protocol},
  author={Notarius, Clifford I and Vanzetti, N},
  journal={Marriage and family assessment: A sourcebook for family therapy},
  volume={64},
  pages={209--227},
  year={1983},
  publisher={Sage Beverly Hills, CA}
}
@article{locke1959short,
  title={Short marital-adjustment and prediction tests: Their reliability and validity},
  author={Locke, Harvey J and Wallace, Karl M},
  journal={Marriage and family living},
  volume={21},
  number={3},
  pages={251--255},
  year={1959},
  publisher={JSTOR}
}
@article{julien1989comparison,
  title={A comparison of a global and a microanalytic coding system: Implications for future trends in studying interactions.},
  author={Julien, Danielle and Markman, Howard J and Lindahl, Kristin M},
  journal={Behavioral Assessment},
  year={1989},
  publisher={Pergamon Press, Inc.}
}
@article{renick1992prevention,
  title={The Prevention and Relationship Enhancement Program (PREP): An empirically based preventive intervention program for couples},
  author={Renick, Mari Jo and Blumberg, Susan L and Markman, Howard J},
  journal={Family Relations},
  pages={141--147},
  year={1992},
  publisher={JSTOR}
}
@article{kruuza2021iterativni,
  title={Iterativn{\'\i} zdokonalov{\'a}n{\'\i} p{\v{r}}episu zvukov{\`y}ch nahr{\'a}vek s vyu{\v{z}}it{\'\i}m zp{\v{e}}tn{\'e} vazby poslucha{\v{c}}{\r{u}}},
  author={Kr{\r{u}}za, Jan Old{\v{r}}ich},
  year={2021},
  publisher={Univerzita Karlova, Matematicko-fyzik{\'a}ln{\'\i} fakulta}
}
@inproceedings{morphodita,
  title={Open-source tools for morphology, lemmatization, POS tagging and named entity recognition},
  author={Strakov{\'a}, Jana and Straka, Milan and Hajic, Jan},
  booktitle={Proceedings of 52nd Annual Meeting of the Association for Computational Linguistics: System Demonstrations},
  pages={13--18},
  year={2014}
}
@article{Beel2016-11Resea-32348,
  title={Research-paper recommender systems : a literature survey},
  year={2016},
  doi={10.1007/s00799-015-0156-0},
  number={4},
  volume={17},
  issn={1432-5012},
  journal={International Journal on Digital Libraries},
  pages={305--338},
  author={Beel, Joeran and Gipp, Bela and Langer, Stefan and Breitinger, Corinna}
}
@InProceedings{udpipe,
    title = "{UDP}ipe 2.0 Prototype at {C}o{NLL} 2018 {UD} Shared Task",
    author = "Straka, Milan",
    booktitle = "Proceedings of the {C}o{NLL} 2018 Shared Task: Multilingual Parsing from Raw Text to Universal Dependencies",
    month = oct,
    year = "2018",
    address = "Brussels, Belgium",
    publisher = "Association for Computational Linguistics",
    url = "https://www.aclweb.org/anthology/K18-2020",
    doi = "10.18653/v1/K18-2020",
    pages = "197--207",
}
@article{10.2307/24355821,
 ISSN = {00038946},
 URL = {http://www.jstor.org/stable/24355821},
 author = {Minoru Nambara},
 journal = {Archiv für Begriffsgeschichte},
 pages = {143--277},
 title = {Die Idee des absoluten Nichts in der deutschen Mystik und seine Entsprechungen im Buddhismus},
 urldate = {2022-04-26},
 volume = {6},
 year = {1960}
}
@misc{Bezdek2009thesis,
	author = "Bezděk, Robert",
	title = "Antroposofie a její vliv na spiritualitu v českém prostředí [online]",
	year = "2009",
	type = "Rigorózní práce",
	school = "Masarykova univerzita, Filozofická fakulta, Brno",
	url = "https://theses.cz/id/vro9m0/",
}
@article{atwell2013osi,
  title={The OSI Model and the Seven Chakras of Hinduism: A Comparative Analysis},
  author={Atwell, Hudson and McManus, Denise J and Carr, Houston H},
  journal={International Journal of Applied},
  volume={3},
  number={3},
  year={2013},
  publisher={Citeseer}
}
@misc{kenton2015kabbalistic,
  title={A Kabbalistic View of the Chakras},
  author={Kenton, Rebekah},
  year={2015},
  publisher={Kabbalah Society, https://www. kabbalahsociety. org/wp/articles/a~…}
}
@article{congdon2010creatio,
  title={Creatio Continua Ex Electione: A Post-Barthian Revision of the Doctrine of Creatio Ex Nihilo},
  author={Congdon, David W},
  journal={Koinonia},
  volume={22},
  pages={33--53},
  year={2010}
}
@article{marcus1957typen,
  title={Typen altchristlicher Kosmologie in den Genesiskommentaren},
  author={Marcus, Wolfgang},
  journal={Philosophisches Jahrbuch der Gorresgesellschaft},
  volume={65},
  pages={106--119},
  year={1957}
}
@Inbook{Salim2022Creatio,
  author="Salim, Emil and Malik, Shoaib Ahmed",
  editor="Clark, Kelly James and Koperski, Jeffrey",
  title="Creatio Continua and Quantum Randomness",
  bookTitle="Abrahamic Reflections on Randomness and Providence",
  year="2022",
  publisher="Springer International Publishing",
  address="Cham",
  pages="243--264",
  isbn="978-3-030-75797-7",
  doi="10.1007/978-3-030-75797-7_12",
  url="https://doi.org/10.1007/978-3-030-75797-7_12"
}
@book{landauer1978eckhart,
  title={Meister Eckharts mystische Schriften},
  author={Landauer, Gustav and others},
  year={1978},
  publisher={Verlag B{\"u}chse d. Pandora}
}
@book{ehrman2000new,
  title={The New Testament: A historical introduction to the early Christian writings},
  author={Ehrman, Bart D},
  year={2000},
  publisher={Oxford University Press}
}
@book{moody1975life,
  place={Carmel, NY},
  title={Life after life},
  publisher={Guideposts},
  author={Moody, Raymond A. and K{\"u}bler-Ross Elisabeth},
  year={1975}
}
